
@article{bailey2009hypergraphic,
  title={Hypergraphic Oriented Matroid Relational Dependency Flow Models of Chemical Reaction Networks},
  author={Bailey, Colin G. and Gull, Dean W .and Oliveira, Joseph S.},
  journal={arXiv preprint arXiv:0902.0847},
  year={2009}
}

@article{banatre2006,
	title={Generalised multisets for chemical programming},
	author={Ban{\^a}tre, Jean-Pierre and Fradet, Pascal and Radenac, Yann and others},
	journal={Mathematical Structures in Computer Science},
	volume={16},
	number={4},
	pages={557--580},
	year={2006},
	publisher={Cambridge Univ Press}
}

@article{blizard1988,
	ajournal = "Notre Dame J. Formal Logic",
	author = "Blizard, Wayne D.",
	doi = "10.1305/ndjfl/1093634995",
	journal = "Notre Dame Journal of Formal Logic",
	month = "12",
	number = "1",
	pages = "36--66",
	publisher = "Duke University Press",
	title = "Multiset theory.",
	url = "http://dx.doi.org/10.1305/ndjfl/1093634995",
	volume = "30",
	year = "1988"
}

@article{blizard1990,
	ajournal = "Notre Dame J. Formal Logic",
	author = "Blizard, Wayne D.",
	doi = "10.1305/ndjfl/1093635499",
	journal = "Notre Dame Journal of Formal Logic",
	month = "06",
	number = "3",
	pages = "346--368",
	publisher = "Duke University Press",
	title = "Negative membership.",
	url = "http://dx.doi.org/10.1305/ndjfl/1093635499",
	volume = "31",
	year = "1990"
}

@article{bochner1933integration,
  title={Integration von Funktionen, deren Werte die Elemente eines Vektorraumes sind},
  author={Bochner, Salomon},
  journal={Fundamenta Mathematicae},
  volume={20},
  number={1},
  pages={262--176},
  year={1933},
  publisher={Institute of Mathematics Polish Academy of Sciences}
}

@book{boole1854investigation,
  title={An investigation of the laws of thought: on which are founded the mathematical theories of logic and probabilities},
  author={Boole, George},
  volume={2},
  year={1854},
  publisher={Walton and Maberly}
} 

@inproceedings{bueler2000exact,
  title={Exact volume computation for polytopes: a practical study},
  author={B{\"u}eler, Benno and Enge, Andreas and Fukuda, Komei},
  booktitle={Polytopes—combinatorics and computation},
  pages={131--154},
  year={2000},
  organization={Springer}
}

@incollection{carette2010,
	title={Symbolic domain decomposition},
	author={Carette, Jacques and Sexton, Alan P. and Sorge, Volker and Watt, Stephen M.},
	booktitle={Intelligent Computer Mathematics},
	pages={172--188},
	year={2010},
	publisher={Springer}
}

@book{choquetanalysis,
  title={Analysis, manifolds, and physics},
  author={Choquet-Bruhat, Yvonne and DeWitt-Morette, C{\'e}cile and Bleick, Margaret Dillard},
  year={1982},
  publisher={Gulf Professional Publishing}
}

@inproceedings{damiani1991,
  title={Getting results with negative thinking},
  author={Damiani, E. and D'Antona, O. and Loeb, D.},
  booktitle={Proceedings of the Conference of Formal Series and Algebraic Combinatorics, Bordeaux},
  year={1991}
}

@book{darboux1896leccons,
  title={Le{\c{c}}ons sur la th{\'e}orie g{\'e}n{\'e}rale des surfaces},
  author={Darboux, Gaston},
  year={1896}
}

@book{eves1980elementary,
  title={Elementary matrix theory},
  author={Eves, Howard Whitley},
  year={1980},
  publisher={Courier Corporation}
}

@unpublished{EWD:EWD1223,
	author = {Dijkstra, Edsger W.},
	citeulike-article-id = {873406},
	citeulike-linkout-0 = {http://www.cs.utexas.edu/users/EWD/ewd12xx/EWD1223.PDF},
	keywords = {ewd-bib},
	month = nov,
	posted-at = {2006-09-26 11:56:06},
	priority = {2},
	title = {{WLOG}, or the misery of the unordered pair},
	url = {http://www.cs.utexas.edu/users/EWD/ewd12xx/EWD1223.PDF},
	year = {1995}
}

@unpublished{EWD:EWD1073,
	author = "Edsger W. Dijkstra",
	title = "How {C}omputing {S}cience created a new mathematical style",
	month = mar,
	year = "1990",
	note = "published as {\cite EWD:pages 897–905 of ???}",
	url = "http://www.cs.utexas.edu/users/EWD/ewd10xx/EWD1073.PDF",
	fileSize = 506 KB
}

@article{girish2012multiset,
  title={On Multiset Topologies},
  author={Girish, K.P. and Jacob, John Sunil},
  journal={Theory and Applications of Mathematics \& Computer Science},
  volume={2},
  number={1},
  pages={Pages--37},
  year={2012}
}

@book{hailperin1986boole,
  title={Boole's logic and probability: a critical exposition from the standpoint of contemporary algebra, logic and probability theory},
  author={Hailperin, Theodore},
  year={1986},
  publisher={Elsevier}
}

@book{hardy1979,
  title={An introduction to the theory of numbers},
  author={Hardy, Godfrey Harold and Wright, Edward Maitland and Heath-Brown, David Rodney and Silverman, Joseph H},
  volume={4},
  year={1979},
  publisher={Clarendon press Oxford}
}

@book{henstock1991general,
  title={The general theory of integration},
  author={Henstock, Ralph},
  year={1991},
  publisher={Oxford University Press on Demand}
}

@book{knuth2014art,
  title={Art of Computer Programming, Volume 2: Seminumerical Algorithms, The},
  author={Knuth, Donald E.},
  year={2014},
  publisher={Addison-Wesley Professional}
}

@article{lam1991cache,
  title={The cache performance and optimizations of blocked algorithms},
  author={Lam, Monica D. and Rothberg, Edward E. and Wolf, Michael E.},
  journal={ACM SIGOPS Operating Systems Review},
  volume={25},
  number={Special Issue},
  pages={63--74},
  year={1991},
  publisher={ACM}
}

@article{loeb1992,
	title={Sets with a negative number of elements},
	author={Loeb, Daniel},
	journal={Advances in Mathematics},
	volume={91},
	number={1},
	pages={64--74},
	year={1992},
	publisher={Elsevier}
}

@book{reisig1985petri,
  title={Petri nets: an introduction},
  author={Reisig, Wolfgang},
  year={1985},
  publisher={Springer-Verlag New York, Inc.}
}

@incollection{schmidt1995parameterized,
  title={Parameterized reachability trees for algebraic Petri nets},
  author={Schmidt, Karsten},
  booktitle={Application and Theory of Petri Nets 1995},
  pages={392--411},
  year={1995},
  publisher={Springer}
}

@inproceedings{sexton2008abstract,
  title={Abstract matrix arithmetic},
  author={Sexton, Alan P. and Sorge, Volker and Watt, Stephen M.},
  booktitle={Symbolic and Numeric Algorithms for Scientific Computing, 2008. SYNASC'08. 10th International Symposium on},
  pages={61--68},
  year={2008},
  organization={IEEE}
}

@article{singh2007,
  title={An overview of the applications of multisets},
  author={Singh, D. and Ibrahim, A. and Yohanna, T. and Singh, J.},
  journal={Novi Sad Journal of Mathematics},
  volume={37},
  number={3},
  pages={73--92},
  year={2007}
}

@article{singh2008systematization,
  title={A systematization of fundamentals of multisets},
  author={Singh, D. and Ibrahim, A.M. and Yohanna, T. and Singh, J.N.},
  journal={Lecturas Matematicas},
  volume={29},
  pages={33--48},
  year={2008}
}

@inproceedings{singh2011complementation,
  title={Complementation in multiset theory},
  author={Singh, D. and Ibrahim, A.M. and Yohana, T. and Singh, J.N.},
  booktitle={International Mathematical Forum},
  volume={6},
  number={38},
  pages={1877--1884},
  year={2011}
}

@incollection{syropoulos2001mathematics,
  title={Mathematics of multisets},
  author={Syropoulos, Apostolos},
  booktitle={Multiset Processing},
  pages={347--358},
  year={2001},
  publisher={Springer}
}

@techreport{tao2007differential,
  title={Differential forms and integration},
  author={Tao, T.},
  year={2007},
  institution={Tech. Rep., Department of Mathematics, UCLA}
}

@article{whitney1933characteristic,
  title={Characteristic functions and the algebra of logic},
  author={Whitney, Hassler},
  journal={Annals of Mathematics},
  pages={405--414},
  year={1933},
  publisher={JSTOR}
}

@article{wildberger2003new,
  title={A new look at multisets},
  author={Wildberger, N.J.},
  journal={University of New South Wales, Sydney},
  year={2003}
}



%%Approximate

@article{eppstein2011,
  title={Straggler identification in round-trip data streams via newton's identities and invertible Bloom filters},
  author={Eppstein, David and Goodrich, Michael T.},
  journal={Knowledge and Data Engineering, IEEE Transactions on},
  volume={23},
  number={2},
  pages={297--306},
  year={2011},
  publisher={IEEE}
}

@inproceedings{ganguly2006,
  title={Deterministic k-set structure},
  author={Ganguly, Sumit and Majumder, Anirban},
  booktitle={Proceedings of the twenty-fifth ACM SIGMOD-SIGACT-SIGART symposium on Principles of database systems},
  pages={280--289},
  year={2006},
  organization={ACM}
}

%%Petri Net

@article{bartolettilending,
  title={Lending Petri Nets},
  author={Bartoletti, Massimo and Cimoli, Tiziana and Pinna, G. Michele}
}

@incollection{bartoletti2013,
  title={Lending Petri nets and contracts},
  author={Bartoletti, Massimo and Cimoli, Tiziana and Pinna, G. Michele},
  booktitle={Fundamentals of Software Engineering},
  pages={66--82},
  year={2013},
  publisher={Springer}
}

%%Convolution

@article{cavicchi2002simplified,
  title={Simplified method for analytical evaluation of convolution integrals},
  author={Cavicchi, Thomas J.},
  journal={Education, IEEE Transactions on},
  volume={45},
  number={2},
  pages={142--144},
  year={2002},
  publisher={IEEE}
}

@article{cirnu2012calculation,
  title={Calculation Of Convolution Products Of Piecewise Defined Functions And Some Applications},
  author={C{\^\i}rnu, Mircea I.},
  journal={Journal of Information Systems and Operations Management},
  volume={6},
  pages={41--52},
  year={2012}
}

@inproceedings{evans1994algorithms,
  title={Algorithms for symbolic linear convolution},
  author={Evans, Brian L. and McClellan, James H.},
  booktitle={Asilomar Conference on Signals, Systems, and Computers},
  pages={948--948},
  year={1994},
  organization={Computer Society Press}
}

@article{west1993symbolic,
  title={Symbolic convolution},
  author={West, Kevin A. and McClellan, J.H.},
  journal={Education, IEEE Transactions on},
  volume={36},
  number={4},
  pages={386--393},
  year={1993},
  publisher={IEEE}
}

@article{zhang1990square,
  title={The square matrix rule of the convolution integral},
  author={Zhang, Z.},
  journal={Education, IEEE Transactions on},
  volume={33},
  number={4},
  pages={369--372},
  year={1990},
  publisher={IEEE}
}
